<record><leader>00000cas a2200000 a 4500</leader><controlfield tag="001">10786647</controlfield><controlfield tag="008">840530d19051906caudn ne      0    0eng c</controlfield><datafield ind1=" " ind2=" " tag="010"><subfield code="a">sn 84026883 </subfield></datafield><datafield ind1=" " ind2=" " tag="040"><subfield code="a">NPU</subfield><subfield code="b">eng</subfield><subfield code="c">NPU</subfield><subfield code="d">CNK</subfield><subfield code="d">OCLCQ</subfield><subfield code="d">CNK</subfield><subfield code="d">OCLCQ</subfield><subfield code="d">OCLCF</subfield><subfield code="d">OCLCO</subfield></datafield><datafield ind1="1" ind2=" " tag="029"><subfield code="a">AU@</subfield><subfield code="b">000020633377</subfield></datafield><datafield ind1=" " ind2=" " tag="042"><subfield code="a">pcc</subfield></datafield><datafield ind1=" " ind2=" " tag="043"><subfield code="a">n-us-ca</subfield></datafield><datafield ind1="0" ind2=" " tag="130"><subfield code="a">Daily encinal (Alameda, Calif. : 1905)</subfield></datafield><datafield ind1="1" ind2="4" tag="245"><subfield code="a">The daily encinal.</subfield></datafield><datafield ind1="1" ind2="7" tag="246"><subfield code="a">Alameda daily encinal</subfield></datafield><datafield ind1=" " ind2=" " tag="260"><subfield code="a">Alameda, Calif. :</subfield><subfield code="b">G.F. Weeks</subfield></datafield><datafield ind1=" " ind2=" " tag="300"><subfield code="a">v. ;</subfield><subfield code="c">56 cm.</subfield></datafield><datafield ind1=" " ind2=" " tag="310"><subfield code="a">Daily (except Sun.)</subfield></datafield><datafield ind1="0" ind2=" " tag="362"><subfield code="a">36th year, no. 277 (Nov. 27, 1905)-</subfield></datafield><datafield ind1="1" ind2=" " tag="362"><subfield code="a">Ceased in 1906.</subfield></datafield><datafield ind1=" " ind2=" " tag="530"><subfield code="a">Master negatives are available for duplication from:</subfield><subfield code="b">California Newspaper Microfilm Archive;</subfield><subfield code="c">positive copies may be purchased by the reel; for further information consult the CNMA at:</subfield><subfield code="u">http://cbsr.ucr.edu</subfield></datafield><datafield ind1=" " ind2="0" tag="651"><subfield code="a">Alameda (Calif.)</subfield><subfield code="v">Newspapers.</subfield></datafield><datafield ind1=" " ind2="7" tag="655"><subfield code="a">Newspapers.</subfield><subfield code="2">fast</subfield><subfield code="0">(OCoLC)fst01423814</subfield></datafield><datafield ind1=" " ind2="7" tag="651"><subfield code="a">California</subfield><subfield code="z">Alameda.</subfield><subfield code="2">fast</subfield><subfield code="0">(OCoLC)fst01214323</subfield></datafield><datafield ind1=" " ind2=" " tag="752"><subfield code="a">United States</subfield><subfield code="b">California</subfield><subfield code="c">Alameda</subfield><subfield code="d">Alameda.</subfield></datafield><datafield ind1="0" ind2="0" tag="780"><subfield code="t">Alameda daily encinal</subfield><subfield code="w">(DLC)sn 92068446</subfield></datafield><datafield ind1="0" ind2="4" tag="785"><subfield code="t">Alameda daily Argus</subfield><subfield code="w">(DLC)sn 92068890</subfield></datafield></record>